<?xml version="1.0" encoding="UTF-8"?><collection xmlns="http://www.loc.gov/MARC21/slim"><record><leader>00661nam--2200181-i-4500</leader><controlfield tag="001">000022528</controlfield><controlfield tag="002">20161230</controlfield><controlfield tag="005">20161230201034</controlfield><controlfield tag="008">060222s1000------------r-----000-0-fre-d</controlfield><datafield ind1=" " ind2=" " tag="040"><subfield code="a">IFIN-HH</subfield></datafield><datafield ind1=" " ind2=" " tag="041"><subfield code="a">fre</subfield></datafield><datafield ind1=" " ind2=" " tag="080"><subfield code="a">539.143.43</subfield></datafield><datafield ind1="1" ind2=" " tag="100"><subfield code="a">Hecht, Anne-marie</subfield></datafield><datafield ind1="1" ind2="0" tag="245"><subfield code="a">Etude de realisation d`un dispositif pour mesures de resonance magnetique nucleaire entre 4 k et 273 k. resonance magnetique nucleaire des protons dans des zeolites et des argiles aux basses temperatures</subfield><subfield code="b">These</subfield><subfield code="c">Anne-marie hecht</subfield></datafield><datafield ind1=" " ind2=" " tag="260"><subfield code="a">Grenoble</subfield><subfield code="b">Faculte Des Sciences De L`Universite</subfield><subfield code="c">1964</subfield></datafield><datafield ind1=" " ind2=" " tag="300"><subfield code="a">65 P</subfield></datafield><datafield ind1=" " ind2=" " tag="852"><subfield code="a">22812</subfield><subfield code="c">539.143.43</subfield></datafield><datafield ind1=" " ind2=" " tag="CAT"><subfield code="a">Sys</subfield><subfield code="c">20120419</subfield><subfield code="h">150847</subfield></datafield></record></collection>